%% This BibTeX bibliography file was created using BibDesk.
%% http://bibdesk.sourceforge.net/

%% Created for gian paolo ciceri at 2016-07-23 18:03:29 +0200 


%% Saved with string encoding Unicode (UTF-8) 



@book{jjwhite1896,
	Date-Added = {2016-07-23 16:02:12 +0000},
	Date-Modified = {2016-07-23 16:03:03 +0000},
	Author = {John Williams White},
	Publisher = {Ginn & Company},
	Title = {The First Greek Book},
	Year = {1896}}

@book{blackie1891,
	Author = {J.Stuart Blackie},
	Publisher = {Macmillan and Co., London},
	Title = {Greek primer: colloquial and costructive},
	Year = {1891}}

@book{gleason1903,
	Author = {Clarence W. Gleason},
	Publisher = {American Book Company, New York et al.},
	Title = {A Greek Primer},
	Year = {1903}}

@book{hermanss2012,
	Author = {Astrid Hermanns},
	Publisher = {Cengage Learning EMEA},
	Title = {Psychology Management in Organizations},
	Year = {2012}}
