%% This BibTeX bibliography file was created using BibDesk.
%% http://bibdesk.sourceforge.net/

%% Created for gian paolo ciceri at 2016-07-23 18:03:29 +0200 


%% Saved with string encoding Unicode (UTF-8) 



@book{harkness1898,
	Author = {Albert Harkness},
	Publisher = {American Book Company, New York et al.},
	Title = {A Complete Latin Grammar},
	Year = {1898},
	url = {https://archive.org/details/acompletelating02harkgoog}}
	
@book{harkness1879,
	Author = {Albert Harkness},
	Publisher = {D. Appleton and Company},
	Title = {A New Latin Reader with Exercises in Latin Composition},
	Year = {1879},
	url = {https://archive.org/details/anewlatinreader01harkgoog}}
	
@book{harknessCicero1886,
	Author = {Marcus Tullius Cicero , Albert Harkness},
	Publisher = {D. Appleton and Company},
	Title = {Select orations of Marcus Tullius Cicero: with explanatory notes, and a special dictionary},
	Year = {1886},
	url = {https://archive.org/details/selectorationsm00harkgoog}}
	
@book{harknessCaesar1886,
	Author = {Julius Caesar , Albert Harkness},
	Publisher = {American Book Company, New York et al.},
	Title = {Caesar's Commentaires on the Gallic War: With Notes, Dictionary, and a Map of Gaul},
	Year = {1886},
	url = {https://archive.org/details/caesarscommenta01harkgoog}}

@book{pearson1903,
	Author = {Harry Carr Pearson},
	Publisher = {American Book Company, New York et al.},
	Title = {Latin Prose Composition},
	Year = {1903},
	url={https://archive.org/details/latinprosecompo01peargoog}}
	
@book{pearson1915,
	Author = {Harry Carr Pearson},
	Publisher = {American Book Company, New York et al.},
	Title = {Essentials of Latin for Beginners},
	Year = {1915},
	url={https://archive.org/details/essentialslatin04peargoog}}

	
	
